% This file was created with JabRef 2.7b.
% Encoding: UTF-8

@INPROCEEDINGS{barata2014color,
  author = {Barata, Catarina and Figueiredo, M{\'a}rio AT and Celebi, M Emre
	and Marques, Jorge S},
  title = {Color identification in dermoscopy images using gaussian mixture
	models},
  booktitle = {2014 IEEE International Conference on Acoustics, Speech and Signal
	Processing (ICASSP)},
  year = {2014},
  pages = {3611--3615},
  organization = {IEEE}
}

@INPROCEEDINGS{barata2013towards,
  author = {Barata, Catarina and Marques, Jorge S and Celebi, M Emre},
  title = {Towards an automatic bag-of-features model for the classification
	of dermoscopy images: The influence of segmentation},
  booktitle = {Image and Signal Processing and Analysis (ISPA), 2013 8th International
	Symposium on},
  year = {2013},
  pages = {274--279},
  organization = {IEEE}
}

@INCOLLECTION{barata2013role,
  author = {Barata, Catarina and Marques, Jorge S and Rozeira, Jorge},
  title = {The Role of Keypoint Sampling on the Classification of Melanomas
	in Dermoscopy Images Using Bag-of-Features},
  booktitle = {Pattern Recognition and Image Analysis},
  publisher = {Springer},
  year = {2013},
  pages = {715--723}
}

@ARTICLE{barata2013two,
  author = {Barata, C. and Ruela, M. and Francisco, M. and Mendon√ßa, T. and Marques,
	J.S.},
  title = {Two Systems for the Detection of Melanomas in Dermoscopy Images Using
	Texture and Color Features},
  journal = {IEEE Systems Journal},
  year = {2014},
  volume = {8},
  pages = {965-979},
  number = {3},
  month = {Sept}
}

@INCOLLECTION{barata2014bag,
  author = {Barata, Catarina and Ruela, Margarida and Mendon{\c{c}}a, Teresa
	and Marques, Jorge S},
  title = {A Bag-of-Features Approach for the Classification of Melanomas in
	Dermoscopy Images: The Role of Color and Texture Descriptors},
  booktitle = {Computer Vision Techniques for the Diagnosis of Skin Cancer},
  publisher = {Springer},
  year = {2014},
  editor = {J. Scharcanski and M. Emre},
  pages = {49--69}
}

@INPROCEEDINGS{chaudhry2007computer,
  author = {Chaudhry, Muhammad Ali and Ashraf, Robina and Jafri, MN and Akbar,
	M},
  title = {Computer aided diagnosis of skin carcinomas based on textural characteristics},
  booktitle = {International Conference on Machine Vision},
  year = {2007},
  pages = {125--128},
  organization = {IEEE}
}

